%% This BibTeX bibliography file was created using BibDesk.
%% http://bibdesk.sourceforge.net/


%% Created for Liam Paull at 2015-03-04 14:53:31 -0500 


%% Saved with string encoding Unicode (UTF-8) 


@string{aaai = {AAAI Conf. on Artificial Intelligence}}

@string{ac = {{IEEE} Trans. on Automatic Control}}

@string{accv = {Asian Conf. on Computer Vision (ACCV)}}

@string{ar = {Autonomous Robots}}

@string{bmvc = {British Machine Vision Conf. (BMVC)}}

@string{brm = {Behavior Research Methods, Instruments, \& Computers}}

@string{cbdar = {Proc. of Camera-based Document Analysis and Recognition (CBDAR)}}

@string{cviu = {Computer Vision and Image Understanding}}

@string{cvpr = {Proc. {IEEE} Int. Conf. Computer Vision and Pattern Recognition (CVPR)}}

@string{drr = {Proc. of SPIE Document Recognition and Retrieval}}

@string{eccv = {Eur. Conf. on Computer Vision (ECCV)}}

@string{emav = {European Micro Aerial Vehicle Conference}}

@string{fsr = {Field and Service Robotics}}

@string{fusion = {Intl. Conf. on Information Fusion (FUSION)}}

@string{icar = {IEEE Intl. Conf. on Advanced Robotics (ICAR)}}

@string{iccv = {Intl. Conf. on Computer Vision (ICCV)}}

@string{icdar = {Proc. of the Intl. Conf. on Document Analysis and Recognition (ICDAR)}}

@string{icpr = {Intl. Conf. on Pattern Recognition (ICPR)}}

@string{icra = {IEEE Intl. Conf. on Robotics and Automation (ICRA)}}

@string{ieee = {Proc. of the IEEE}}

@string{ijcai = {Intl. Joint Conf. on Artificial Intelligence}}

@string{ijcv = {International Journal of Computer Vision}}

@string{ijrr = {Intl. J. of Robotics Research}}

@string{iros = {IEEE/RSJ Intl. Conf. on Intelligent Robots and Systems (IROS)}}

@string{iser = {Intl. Sym. on Experimental Robotics (ISER)}}

@string{ismar = {IEEE and ACM Intl. Sym. on Mixed and Augmented Reality (ISMAR)}}

@string{isrr = {Proc. of the Intl. Symp. of Robotics Research (ISRR)}}

@string{jbe = {{ASME} Journal of Basic Engineering}}

@string{jfr = {J. of Field Robotics}}

@string{joe = {Journal of Oceanic Engineering}}

@string{mit = {The MIT Press, Cambridge, MA}}

@string{mtsj = {Marine Technology Society Journal}}

@string{oceans = {Proceedings of the IEEE/MTS OCEANS Conference and Exhibition}}

@string{pami = {{IEEE} Trans. Pattern Anal. Machine Intell.}}

@string{ram = {{IEEE} Robotics Automation Magazine}}

@string{ras = {Journal of Robotics and Autonomous Systems}}

@string{rss = {Robotics: Science and Systems (RSS)}}

@string{siggraph = {SIGGRAPH}}

@string{tac = {{IEEE} Trans. on Automatic Control}}

@string{tra = {{IEEE} Trans. Robotics and Automation}}

@string{tro = {{IEEE} Trans. Robotics}}

@string{uust = {Proc. Int. Symp. on Unmanned Untethered Submersible Technology}}

@article{velazquez2010,
  title={Wearable assistive devices for the blind},
  author={Vel{\'a}zquez, Ramiro},
  journal={Wearable and autonomous biomedical devices and systems for smart environment},
  volume={75},
  pages={331--349},
  year={2010},
  publisher={Springer}
}

@article{nagel2005beyond,
  title={Beyond sensory substitutionâ€”learning the sixth sense},
  author={Nagel, Saskia K and Carl, Christine and Kringe, Tobias and M{\"a}rtin, Robert and K{\"o}nig, Peter},
  journal={Journal of neural engineering},
  volume={2},
  number={4},
  pages={R13},
  year={2005},
  publisher={IOP Publishing}
}

@article{stanley2012evaluation,
  title={Evaluation of tactile feedback methods for wrist rotation guidance},
  author={Stanley, Andrew A and Kuchenbecker, Katherine J},
  journal={IEEE Transactions on Haptics},
  volume={5},
  number={3},
  pages={240--251},
  year={2012},
  publisher={IEEE}
}

@article{karcher2012sensory,
  title={Sensory augmentation for the blind},
  author={K{\"a}rcher, Silke M and Fenzlaff, Sandra and Hartmann, Daniela and Nagel, Saskia K and K{\"o}nig, Peter},
  journal={Frontiers in human neuroscience},
  volume={6},
  year={2012},
  publisher={Frontiers Media SA}
}

@inproceedings{johnson2006navigation,
  title={A navigation aid for the blind using tactile-visual sensory substitution},
  author={Johnson, Lise A and Higgins, Charles M},
  booktitle={Engineering in Medicine and Biology Society, 2006. EMBS'06. 28th Annual International Conference of the IEEE},
  pages={6289--6292},
  year={2006},
  organization={IEEE}
}
@article{meers2005substitute,
  title={A substitute vision system for providing 3D perception and GPS navigation via electro-tactile stimulation},
  author={Meers, Simon and Ward, Koren},
  year={2005}
}

@inproceedings{peiris2016eyevista,
  title={EyeVista: An assistive wearable device for visually impaired sprint athletes},
  author={Peiris, Hiranya and Kulasekara, Charitha and Wijesinghe, Hashan and Kothalawala, Basiru and Walgampaya, Namalie and Kasthurirathna, Dharshana},
  booktitle={Information and Automation for Sustainability (ICIAfS), 2016 IEEE International Conference on},
  pages={1--6},
  year={2016},
  organization={IEEE}
}

@article{zelek2000stereo,
  title={A stereo-vision system for the visually impaired},
  author={Zelek, John and Audette, Richard and Balthazaar, Jocelyn and Dunk, Craig},
  journal={Guelph: University of Guelph, School of Engineering},
  year={2000}
}

@inproceedings{spiers2016outdoor,
  title={Outdoor pedestrian navigation assistance with a shape-changing haptic interface and comparison with a vibrotactile device},
  author={Spiers, Adam J and Dollar, Aaron M},
  booktitle={Haptics Symposium (HAPTICS), 2016 IEEE},
  pages={34--40},
  year={2016},
  organization={IEEE}
}

@inproceedings{schatzle2010vibrotac,
  title={Vibrotac: An ergonomic and versatile usable vibrotactile feedback device},
  author={Sch{\"a}tzle, Simon and Ende, Tobias and W{\"u}sthoff, Tilo and Preusche, Carsten},
  booktitle={RO-MAN, 2010 IEEE},
  pages={670--675},
  year={2010},
  organization={IEEE}
}

@inproceedings{zhang2016indoor,
  title={An indoor navigation aid for the visually impaired},
  author={Zhang, He and Ye, Cang},
  booktitle={Robotics and Biomimetics (ROBIO), 2016 IEEE International Conference on},
  pages={467--472},
  year={2016},
  organization={IEEE}
}

@inproceedings{tapu2014survey,
  title={A survey on wearable devices used to assist the visual impaired user navigation in outdoor environments},
  author={Tapu, Ruxandra and Mocanu, Bogdan and Tapu, Ermina},
  booktitle={Electronics and Telecommunications (ISETC), 2014 11th International Symposium on},
  pages={1--4},
  year={2014},
  organization={IEEE}
}

@article{yu2011make,
  title={Make it home: automatic optimization of furniture arrangement},
  author={Yu, Lap-Fai and Yeung, Sai-Kit and Tang, Chi-Keung and Terzopoulos, Demetri and Chan, Tony F and Osher, Stanley J},
  journal={ACM Transactions on Graphics (TOG)-Proceedings of ACM SIGGRAPH 2011, v. 30, no. 4, July 2011, article no. 86},
  year={2011}
}

@article{walter2015situationally,
  title={A Situationally Aware Voice-commandable Robotic Forklift Working Alongside People in Unstructured Outdoor Environments},
  author={Walter, Matthew R and Antone, Matthew and Chuangsuwanich, Ekapol and Correa, Andrew and Davis, Randall and Fletcher, Luke and Frazzoli, Emilio and Friedman, Yuli and Glass, James and How, Jonathan P and others},
  journal={Journal of Field Robotics},
  volume={32},
  number={4},
  pages={590--628},
  year={2015},
  publisher={Wiley Online Library}
}

@phdthesis{unhelkar2015introducing,
  title={Introducing mobile robots on the automotive final assembly line: control, sensing and human-robot interaction},
  author={Unhelkar, Vaibhav Vasant},
  year={2015},
  school={Massachusetts Institute of Technology}
}

@article{pillai2015high,
  title={High-Performance and Tunable Stereo Reconstruction},
  author={Pillai, Sudeep and Ramalingam, Srikumar and Leonard, John J},
  journal={arXiv preprint arXiv:1511.00758},
  year={2015}
}

@inproceedings{eickstedt2007behavior,
  title={Behavior based adaptive control for autonomous oceanographic sampling},
  author={Eickstedt, Donald P and Benjamin, Michael R and Wang, Ding and Curcio, Joseph and Schmidt, Henrik},
  booktitle={Proceedings 2007 IEEE International Conference on Robotics and Automation},
  pages={4245--4250},
  year={2007},
  organization={IEEE}
}

@inproceedings{edwards2012ros,
  title={Ros-industrial: applying the robot operating system (ros) to industrial applications},
  author={Edwards, Shaun and Lewis, Chris},
  booktitle={IEEE Int. Conference on Robotics and Automation, ECHORD Workshop},
  year={2012}
}

@inproceedings{quigley2009ros,
  title={ROS: an open-source Robot Operating System},
  author={Quigley, Morgan and Conley, Ken and Gerkey, Brian and Faust, Josh and Foote, Tully and Leibs, Jeremy and Wheeler, Rob and Ng, Andrew Y},
  booktitle={ICRA workshop on open source software},
  volume={3},
  number={3.2},
  pages={5},
  year={2009},
  organization={Kobe, Japan}
}

@book{moosivp2017ntu,
  title={Key Technology of Autonomous Ocean--MOOS-IvP Introduction },
  author={Ching-Tang Hung, Yen-Hsiang Huang and Chi-Fang Chen},
  booktitle={Journal of Ocean and Underwater Technology},
  pages={13-17}, 
  year={2017}
}

@article{benjamin2009overview,
  title={An overview of moos-ivp and a brief users guide to the ivp helm autonomy software},
  author={Benjamin, Michael R and Leonard, John J and Schmidt, Henrik and Newman, Paul M},
  year={2009}
}

@article{mur2015orb,
  title={ORB-{SLAM}: a versatile and accurate monocular {SLAM} system},
  author={Mur-Artal, Raul and Montiel, JMM and Tardos, Juan D},
  journal={Robotics, IEEE Transactions on},
  volume={31},
  number={5},
  pages={1147--1163},
  year={2015},
  publisher={IEEE}
}

@phdthesis{krajnik2011large,
  title={Large Scale Mobile Robot Navigation and Map Building},
  author={Krajn{\i}k, Tom{\'a}{\v{s}}},
  year={2011},
  school={PhD thesis, Czech Technical University in Prague, Faculty of Electrical Engineering}
}

@inproceedings{johannsson2013temporally,
  title={Temporally scalable visual {SLAM} using a reduced pose graph},
  author={Johannsson, Hordur and Kaess, Michael and Fallon, Maurice and Leonard, John J},
  booktitle={Robotics and Automation (ICRA), 2013 IEEE International Conference on},
  pages={54--61},
  year={2013},
  organization={IEEE}
}

@inproceedings{jia2014caffe,
  title={Caffe: Convolutional architecture for fast feature embedding},
  author={Jia, Yangqing and Shelhamer, Evan and Donahue, Jeff and Karayev, Sergey and Long, Jonathan and Girshick, Ross and Guadarrama, Sergio and Darrell, Trevor},
  booktitle={Proceedings of the ACM International Conference on Multimedia},
  pages={675--678},
  year={2014},
  organization={ACM}
}

@article{jaderberg2016reading,
  title={Reading text in the wild with convolutional neural networks},
  author={Jaderberg, Max and Simonyan, Karen and Vedaldi, Andrea and Zisserman, Andrew},
  journal={International Journal of Computer Vision},
  volume={116},
  number={1},
  pages={1--20},
  year={2016},
  publisher={Springer}
}

@inproceedings{huang2011visual,
  title={Visual odometry and mapping for autonomous flight using an RGB-D camera},
  author={Huang, Albert S and Bachrach, Abraham and Henry, Peter and Krainin, Michael and Maturana, Daniel and Fox, Dieter and Roy, Nicholas},
  booktitle={International Symposium on Robotics Research (ISRR)},
  volume={2},
  year={2011}
}

@inproceedings{girshick2014rich,
  title={Rich feature hierarchies for accurate object detection and semantic segmentation},
  author={Girshick, Ross and Donahue, Jeff and Darrell, Trevor and Malik, Jitendra},
  booktitle={Proceedings of the IEEE conference on computer vision and pattern recognition},
  pages={580--587},
  year={2014}
}

@inproceedings{fallon2015continuous,
  title={Continuous humanoid locomotion over uneven terrain using stereo fusion},
  author={Fallon, Maurice F and Marion, Pat and Deits, Robin and Whelan, Thomas and Antone, Matthew and McDonald, John and Tedrake, Russ},
  booktitle={Humanoid Robots (Humanoids), 2015 IEEE-RAS 15th International Conference on},
  pages={881--888},
  year={2015},
  organization={IEEE}
}

@article{kostavelis2015semantic,
  title={Semantic mapping for mobile robotics tasks: A survey},
  author={Kostavelis, Ioannis and Gasteratos, Antonios},
  journal={Robotics and Autonomous Systems},
  volume={66},
  pages={86--103},
  year={2015},
  publisher={Elsevier}
}

@inproceedings{wang2015bridging,
  title={Bridging text spotting and {SLAM} with junction features},
  author={Wang, Hsueh-Cheng and Finn, Chelsea and Paull, Liam and Kaess, Michael and Rosenholtz, Ruth and Teller, Seth and Leonard, John},
  booktitle={Intelligent Robots and Systems (IROS), 2015 IEEE/RSJ International Conference on},
  pages={3701--3708},
  year={2015},
  organization={IEEE}
}

@inproceedings{Olson09icra,
	Address = {Kobe, Japan},
	Author = {E. Olson},
	Booktitle = icra,
	Doi = {10.1109/ROBOT.2009.5152375},
	Fullauthor = {Edwin Olson},
	Issn = {1050-4729},
	Month = jun,
	Pages = {4387--4393},
	Title = {Real-Time Correlative Scan Matching},
	Year = 2009,
	Bdsk-Url-1 = {http://dx.doi.org/10.1109/ROBOT.2009.5152375}}

@article{Kaess08tro,
	Author = {M. Kaess and A. Ranganathan and F. Dellaert},
	Fullauthor = {Michael Kaess and Ananth Ranganathan and Frank Dellaert},
	Journal = tro,
	Month = dec,
	Number = 6,
	Pages = {1365-1378},
	Title = {{iSAM}: Incremental Smoothing and Mapping},
	Volume = 24,
	Year = 2008}

@article{Bachrach11jfr,
	Author = {A. Bachrach and S. Prentice and R. He and N. Roy},
	Journal = jfr,
	Month = sep,
	Number = 5,
	Pages = {644-666},
	Title = {{RANGE} - Robust Autonomous Navigation in {GPS}-denied Environments},
	Volume = 28,
	Year = 2011}

@inproceedings{Fallon12iros,
	Address = {Algarve, Portugal},
	Author = {M. F. Fallon and H. Johannsson and J. Brookshire and S. Teller and J. J. Leonard},
	Booktitle = iros,
	Title = {Sensor Fusion for Flexible Human-Portable Building-Scale Mapping},
	Year = 2012}

@inproceedings{Huang10iros,
	Address = {Taipei, Taiwan},
	Author = {A. Huang and E. Olson and D. Moore},
	Booktitle = iros,
	Fullauthor = {Albert S. Huang and Edwin Olson and David Moore},
	Month = oct,
	Title = {{LCM}: Lightweight Communications and Marshalling},
	Year = 2010}

@inproceedings{ChenYuille2004,
	Author = {X. Chen and A. Yuille},
	Booktitle = cvpr,
	Title = {Detecting and reading text in natural scenes},
	Year = 2004}

@inproceedings{NeumannMatas2010,
	Author = {L. Neumann and J. Matas},
	Booktitle = accv,
	Pages = {770-783},
	Title = {A method for text localization and recognition in real-world images},
	Year = 2010}

@inproceedings{NeumannMatas2011,
	Author = {L. Neumann and J. Matas},
	Booktitle = icdar,
	Pages = {687-691},
	Title = {Text localization in real-world images using efficiently pruned exhaustive search},
	Year = 2011}

@inproceedings{NeumannMatas2012,
	Author = {L. Neumann and J. Matas},
	Booktitle = cvpr,
	Title = {Real-time scene text localization and recognition},
	Year = 2012}

@article{NeumannMatas2013icdar,
	Author = {Neumann, Luk{\'a}{\v{s}} and Matas, Jir{\i}},
	Title = {On Combining Multiple Segmentations in Scene Text Recognition}}

@inproceedings{NeumannMatas2013iccv,
	Author = {Neumann, Luk{\'a}{\v{s}} and Matas, Jir{\i}},
	Organization = {ICCV},
	Title = {Scene Text Localization and Recognition with Oriented Stroke Detection},
	Year = {2013}}

@article{Matas2004,
	Author = {J Matas and O Chum and M Urban and T Pajdla},
	Doi = {10.1016/j.imavis.2004.02.006},
	Issn = {0262-8856},
	Journal = {Image and Vision Computing},
	Number = {10},
	Pages = {761 - 767},
	Title = {Robust wide-baseline stereo from maximally stable extremal regions},
	Url = {http://www.sciencedirect.com/science/article/pii/S0262885604000435},
	Volume = {22},
	Year = {2004},
	Bdsk-Url-1 = {http://www.sciencedirect.com/science/article/pii/S0262885604000435},
	Bdsk-Url-2 = {http://dx.doi.org/10.1016/j.imavis.2004.02.006}}

@inproceedings{WangBelongie2010,
	Author = {K. Wang and S. Belongie},
	Booktitle = eccv,
	Title = {Word spotting in the wild},
	Year = 2010}

@inproceedings{WangBelongie2011,
	Author = {K. Wang and B. Babenko and S. Belongie},
	Booktitle = iccv,
	Title = {End-to-end scene text recognition},
	Year = 2011}

@inproceedings{Epshtein2010,
	Author = {B. Epshtein and E. Ofek and Y. Wexler},
	Booktitle = cvpr,
	Pages = {2963-2970},
	Title = {Detecting text in natural scenes with stroke width transform},
	Year = 2010}

@inproceedings{Smith2007,
	Author = {R. Smith},
	Booktitle = icdar,
	Pages = {629--633},
	Title = {An overview of the tesseract {OCR} engine},
	Year = 2007}

@inproceedings{Smith2013,
	Author = {R. Smith},
	Booktitle = drr,
	Title = {History of the {Tesseract OCR} engine: what worked and what didn't},
	Year = 2013}

@inproceedings{Posner2010,
	Author = {I. Posner and P. Corke and P. Newman},
	Booktitle = iros,
	Pages = {3181-3186},
	Title = {Using text-spotting to query the world},
	Year = 2010}

@inproceedings{YiTian2011,
	Author = {C. Yi and Y. Tian},
	Booktitle = cbdar,
	Pages = {15-28},
	Title = {Assistive text reading from complex background for blind persons},
	Year = 2011}

@inproceedings{Wang2013cbdar,
	Author = {H.-C. Wang and Y. Linda and M. Fallon and S. Teller},
	Booktitle = cbdar,
	Title = {Spatially prioritized and persistent text detection and decoding},
	Year = 2013}

@article{wang2012attraction,
	Author = {Wang, Hsueh-Cheng and Pomplun, Marc},
	Journal = {Journal of Vision},
	Number = {6},
	Publisher = {Association for Research in Vision and Ophthalmology},
	Title = {The attraction of visual attention to texts in real-world scenes},
	Volume = {12},
	Year = {2012}}

@inproceedings{Case2011,
	Author = {C. Case and B. Suresh, A. Coates and A. Y. Ng},
	Booktitle = icra,
	Pages = {3297-3303},
	Title = {Autonomous sign reading for semantic mapping},
	Year = 2011}

@inproceedings{Goto2009,
	Author = {H. Goto and M. Tanaka},
	Booktitle = icdar,
	Title = {Text-tracking wearable camera system for the blind},
	Year = 2009}

@inproceedings{MerinoGracia2011,
	Author = {C. Merino-Gracia and K. Lenc and M. Mirmehdi},
	Booktitle = cbdar,
	Pages = {29-41},
	Title = {A head-mounted device for recognizing text in natural scenes},
	Year = 2011}

@inproceedings{Nister2008,
	Author = {Nister, David and Stewenius, Henrik},
	Booktitle = eccv,
	Pages = {183-196},
	Title = {Linear Time Maximally Stable Extremal Regions},
	Year = {2008}}

@inproceedings{Lucas2005,
	Author = {Lucas, S.M.},
	Booktitle = icdar,
	Doi = {10.1109/ICDAR.2005.231},
	Issn = {1520-5263},
	Keywords = {document image processing;image recognition;image retrieval;ICDAR 2005 text locating system competition result;Web-based system;camera captured scenes;information retrieval;Books;Character recognition;Computer science;Digital cameras;Information retrieval;Layout;Pattern recognition;Roads;Robustness;Testing},
	Pages = {80-84 Vol. 1},
	Title = {{ICDAR} 2005 text locating competition results},
	Year = {2005},
	Bdsk-Url-1 = {http://dx.doi.org/10.1109/ICDAR.2005.231}}

@inproceedings{Li1999,
	Author = {Li, Huiping and Doermann, David},
	Booktitle = {Proceedings of the seventh ACM international conference on Multimedia (Part 1)},
	Pages = {19--22},
	Title = {Text enhancement in digital video using multiple frame integration},
	Year = {1999}}

@inproceedings{Hua2002,
	Author = {Xian-Sheng Hua and Pei Yin and Hong-Jiang Zhang},
	Booktitle = {Image Processing. 2002. Proceedings. 2002 International Conference on},
	Pages = {II-397-II-400 vol.2},
	Title = {Efficient video text recognition using multiple frame integration},
	Volume = {2},
	Year = {2002}}

@inproceedings{Sato1998,
	Author = {Sato, T. and Kanade, T. and Hughes, E.K. and Smith, M.A.},
	Booktitle = {Content-Based Access of Image and Video Database, 1998. Proceedings., 1998 IEEE International Workshop on},
	Pages = {52-60},
	Title = {Video {OCR} for digital news archive},
	Year = {1998}}

@article{Myers2005,
	Author = {Myers, Gregory K and Burns, Brian},
	Journal = {CBDAR05},
	Title = {A robust method for tracking scene text in video imagery},
	Year = {2005}}

@inproceedings{Mishra2012,
	Author = {Mishra, Anand and Alahari, Karteek and Jawahar, C.V.},
	Booktitle = cvpr,
	Organization = {IEEE},
	Pages = {2687--2694},
	Title = {Top-down and bottom-up cues for scene text recognition},
	Year = {2012}}

@article{Park2003,
	Author = {Sung Cheol Park and Min Kyu Park and Moon Gi Kang},
	Doi = {10.1109/MSP.2003.1203207},
	Issn = {1053-5888},
	Journal = {Signal Processing Magazine, IEEE},
	Keywords = {image enhancement;image reconstruction;image resolution;reviews;LR image acquisition;LR imaging systems;SR algorithms;SR image reconstruction;high-resolution image;low-resolution images;manufacturing technology;medical imaging;optics;resolution enhancement;satellite imaging;sensors;signal processing;spatial resolution;super-resolution image reconstruction;video applications;Biomedical optical imaging;Image reconstruction;Image resolution;Optical imaging;Optical sensors;Optical signal processing;Signal processing algorithms;Signal resolution;Spatial resolution;Strontium},
	Number = {3},
	Pages = {21-36},
	Title = {Super-resolution image reconstruction: a technical overview},
	Volume = {20},
	Year = {2003},
	Bdsk-Url-1 = {http://dx.doi.org/10.1109/MSP.2003.1203207}}

@article{Farsiu2004,
	Author = {Farsiu, S. and Robinson, M.D. and Elad, M. and Milanfar, P.},
	Doi = {10.1109/TIP.2004.834669},
	Issn = {1057-7149},
	Journal = {Image Processing, IEEE Transactions on},
	Keywords = {image reconstruction;image resolution;minimisation;motion estimation;noise;blur estimation;high-resolution images;motion estimation;robust multiframe super resolution;sharp edges;super-resolution reconstruction;Cameras;Computational modeling;Frequency domain analysis;Image reconstruction;Image resolution;Layout;Lenses;Motion estimation;Noise robustness;Spatial resolution;Algorithms;Computer Graphics;Computer Simulation;Image Enhancement;Image Interpretation, Computer-Assisted;Information Storage and Retrieval;Numerical Analysis, Computer-Assisted;Pattern Recognition, Automated;Reproducibility of Results;Sensitivity and Specificity;Signal Processing, Computer-Assisted;Subtraction Technique},
	Number = {10},
	Pages = {1327-1344},
	Title = {Fast and robust multiframe super resolution},
	Volume = {13},
	Year = {2004},
	Bdsk-Url-1 = {http://dx.doi.org/10.1109/TIP.2004.834669}}

@article{Jung2004,
	Author = {Keechul Jung and Kwang In Kim and Anil K. Jain},
	Doi = {10.1016/j.patcog.2003.10.012},
	Issn = {0031-3203},
	Journal = {Pattern Recognition},
	Number = {5},
	Pages = {977 - 997},
	Title = {Text information extraction in images and video: a survey},
	Url = {http://www.sciencedirect.com/science/article/pii/S0031320303004175},
	Volume = {37},
	Year = {2004},
	Bdsk-Url-1 = {http://www.sciencedirect.com/science/article/pii/S0031320303004175},
	Bdsk-Url-2 = {http://dx.doi.org/10.1016/j.patcog.2003.10.012}}

@article{Crandall2003,
	Author = {Crandall, David and Antani, Sameer and Kasturi, Rangachar},
	Doi = {10.1007/s10032-002-0091-7},
	Issn = {1433-2833},
	Journal = {International Journal on Document Analysis and Recognition},
	Keywords = {Keywords:Text detection -- Text tracking -- Text binarization -- Video indexing},
	Language = {English},
	Number = {2-3},
	Pages = {138-157},
	Publisher = {Springer-Verlag},
	Title = {Extraction of special effects caption text events from digital video},
	Url = {http://dx.doi.org/10.1007/s10032-002-0091-7},
	Volume = {5},
	Year = {2003},
	Bdsk-Url-1 = {http://dx.doi.org/10.1007/s10032-002-0091-7}}

@article{Goto2008,
	Author = {Goto, Hideaki},
	Doi = {10.1007/s10032-008-0061-9},
	Issn = {1433-2833},
	Journal = {International Journal of Document Analysis and Recognition (IJDAR)},
	Keywords = {Scene text; Text region detection; Discrete cosine transform; Fisher's discriminant analysis},
	Language = {English},
	Number = {1},
	Pages = {1-8},
	Publisher = {Springer-Verlag},
	Title = {Redefining the DCT-based feature for scene text detection},
	Url = {http://dx.doi.org/10.1007/s10032-008-0061-9},
	Volume = {11},
	Year = {2008},
	Bdsk-Url-1 = {http://dx.doi.org/10.1007/s10032-008-0061-9}}

@article{Bonci2005,
	Author = {Bonci, A. and Leo, T. and Longhi, S.},
	Doi = {10.1109/TSMCA.2005.853481},
	Issn = {1083-4427},
	Journal = {Systems, Man and Cybernetics, Part A: Systems and Humans, IEEE Transactions on},
	Keywords = {Bayes methods;Hough transforms;feature extraction;image processing;probability;Bayesian method;Bayesian probability;Hough transform;digital image;features extraction;image processing;line detection;line feature probability;probability value;Bayesian methods;Digital images;Feature extraction;Image edge detection;Image processing;Image recognition;Mobile robots;Object recognition;Probability;Uncertainty;Bayesian method;Hough Transform (HT);image processing},
	Number = {6},
	Pages = {945-955},
	Title = {A Bayesian approach to the Hough transform for line detection},
	Volume = {35},
	Year = {2005},
	Bdsk-Url-1 = {http://dx.doi.org/10.1109/TSMCA.2005.853481}}

@article{Torralba2010LabelMe,
	Author = {Torralba, A. and Russell, B.C. and Yuen, J.},
	Doi = {10.1109/JPROC.2010.2050290},
	Issn = {0018-9219},
	Journal = {Proceedings of the IEEE},
	Keywords = {Internet;computer vision;visual databases;3D coordinates;3D information;Internet;LabelMe;Web-based annotation tool;annotated image;computer graphics;computer vision system;laser range scanner;online image annotation;user-provided object annotation;Application software;Computer graphics;Computer vision;Data mining;Image databases;Internet;Layout;Spatial databases;Statistics;Visual databases;3-D;Image database;image statistics;object detection;object recognition;online annotation tool;video annotation},
	Number = {8},
	Pages = {1467-1484},
	Title = {LabelMe: Online Image Annotation and Applications},
	Volume = {98},
	Year = {2010},
	Bdsk-Url-1 = {http://dx.doi.org/10.1109/JPROC.2010.2050290}}

@article{Jones2004,
	Author = {Jones,Michael N. and Mewhort,D. J. K.},
	Isbn = {0743-3808, 0743-3808},
	Journal = brm,
	Language = {English},
	Number = {3},
	Pages = {388-396},
	Title = {Case-Sensitive Letter and Bigram Frequency Counts from Large-Scale English Corpora},
	Url = {http://search.proquest.com/docview/85612900?accountid=12492},
	Volume = {36},
	Year = {2004},
	Bdsk-Url-1 = {http://search.proquest.com/docview/85612900?accountid=12492}}

@article{Rabiner1989,
	Author = {Rabiner, L.},
	Doi = {10.1109/5.18626},
	Issn = {0018-9219},
	Journal = {Proceedings of the IEEE},
	Keywords = {Markov processes;speech recognition;balls-in-urns system;coin-tossing;discrete Markov chains;ergodic models;hidden Markov models;hidden states;left-right models;probabilistic function;speech recognition;Distortion;Hidden Markov models;Mathematical model;Multiple signal classification;Signal processing;Speech recognition;Statistical analysis;Stochastic processes;Temperature measurement;Tutorial},
	Number = {2},
	Pages = {257-286},
	Title = {A tutorial on hidden {Markov} models and selected applications in speech recognition},
	Volume = {77},
	Year = {1989},
	Bdsk-Url-1 = {http://dx.doi.org/10.1109/5.18626}}

@article{torralba2006contextual,
	Author = {Torralba, Antonio and Oliva, Aude and Castelhano, Monica S and Henderson, John M},
	Journal = {Psychological review},
	Number = {4},
	Pages = {766},
	Publisher = {American Psychological Association},
	Title = {Contextual guidance of eye movements and attention in real-world scenes: the role of global features in object search.},
	Volume = {113},
	Year = {2006}}

@article{itti1998model,
	Author = {Itti, Laurent and Koch, Christof and Niebur, Ernst},
	Journal = {Pattern Analysis and Machine Intelligence, IEEE Transactions on},
	Number = {11},
	Pages = {1254--1259},
	Publisher = {IEEE},
	Title = {A model of saliency-based visual attention for rapid scene analysis},
	Volume = {20},
	Year = {1998}}

@inproceedings{harel2006graph,
	Author = {Harel, Jonathan and Koch, Christof and Perona, Pietro},
	Booktitle = {Advances in neural information processing systems},
	Pages = {545--552},
	Title = {Graph-based visual saliency},
	Year = {2006}}

@inproceedings{judd2009learning,
	Author = {Judd, Tilke and Ehinger, Krista and Durand, Fr{\'e}do and Torralba, Antonio},
	Booktitle = {Computer Vision, 2009 IEEE 12th international conference on},
	Organization = {IEEE},
	Pages = {2106--2113},
	Title = {Learning to predict where humans look},
	Year = {2009}}

@article{rosenholtz1999simple,
	Author = {Rosenholtz, Ruth},
	Journal = {Vision research},
	Number = {19},
	Pages = {3157--3163},
	Publisher = {Elsevier},
	Title = {A simple saliency model predicts a number of motion popout phenomena},
	Volume = {39},
	Year = {1999}}

@article{cerf2009faces,
	Author = {Cerf, Moran and Frady, E Paxon and Koch, Christof},
	Journal = {Journal of vision},
	Number = {12},
	Publisher = {Association for Research in Vision and Ophthalmology},
	Title = {Faces and text attract gaze independent of the task: Experimental data and computer model},
	Volume = {9},
	Year = {2009}}

@inproceedings{wang2012visual,
	Author = {Wang, Hsueh-Cheng and Lu, Shijian and Lim, Joo-Hwee and Pomplun, Marc},
	Booktitle = {Proceedings of Annual Meeting of the Cognitive Science Society (CogSci 2012)},
	Title = {Visual Attention is Attracted by Text Features Even in Scenes without Text},
	Year = {2012}}

@article{rosenholtz2007measuring,
	Author = {Rosenholtz, Ruth and Li, Yuanzhen and Nakano, Lisa},
	Journal = {Journal of Vision},
	Number = {2},
	Publisher = {Association for Research in Vision and Ophthalmology},
	Title = {Measuring visual clutter},
	Volume = {7},
	Year = {2007}}

@article{hou2012image,
	Author = {Hou, Xiaodi and Harel, Jonathan and Koch, Christof},
	Journal = {Pattern Analysis and Machine Intelligence, IEEE Transactions on},
	Number = {1},
	Pages = {194--201},
	Publisher = {IEEE},
	Title = {Image signature: Highlighting sparse salient regions},
	Volume = {34},
	Year = {2012}}

@article{borji2013state,
	Author = {Borji, Ali and Itti, Laurent},
	Publisher = {IEEE},
	Title = {State-of-the-art in visual attention modeling},
	Year = {2013}}

@inproceedings{butko2008visual,
	Author = {Butko, Nicholas J and Zhang, Lingyun and Cottrell, Garrison W and Movellan, Javier R},
	Booktitle = {Robotics and Automation, 2008. ICRA 2008. IEEE International Conference on},
	Organization = {IEEE},
	Pages = {2398--2403},
	Title = {Visual saliency model for robot cameras},
	Year = {2008}}

@article{begum2011visual,
	Author = {Begum, Momotaz and Karray, Fakhri},
	Journal = {Autonomous Mental Development, IEEE Transactions on},
	Number = {1},
	Pages = {92--105},
	Publisher = {IEEE},
	Title = {Visual attention for robotic cognition: a survey},
	Volume = {3},
	Year = {2011}}

@inproceedings{chang2010mobile,
	Author = {Chang, Chin-Kai and Siagian, Christian and Itti, Laurent},
	Booktitle = {Intelligent Robots and Systems (IROS), 2010 IEEE/RSJ International Conference on},
	Organization = {IEEE},
	Pages = {4147--4154},
	Title = {Mobile robot vision navigation \& localization using gist and saliency},
	Year = {2010}}

@article{Lowe2004sift,
	Author = {Lowe, David G},
	Journal = {International journal of computer vision},
	Number = {2},
	Pages = {91--110},
	Publisher = {Springer},
	Title = {Distinctive image features from scale-invariant keypoints},
	Volume = {60},
	Year = {2004}}

@inproceedings{Harris1988combined,
	Author = {Harris, Chris and Stephens, Mike},
	Booktitle = {Alvey vision conference},
	Organization = {Manchester, UK},
	Pages = {50},
	Title = {A combined corner and edge detector.},
	Volume = {15},
	Year = {1988}}

@inproceedings{Huang2013text,
	Author = {Huang, Weilin and Lin, Zhe and Yang, Jianchao and Wang, Jue},
	Booktitle = {Proc. IEEE Int. Conf. Comp. Vis},
	Pages = {1241--1248},
	Title = {Text localization in natural images using stroke feature transform and text covariance descriptors},
	Year = {2013}}

@article{YiTian2013,
	Author = {Yi, Chucai and Tian, Yingli and others},
	Journal = {Computer Vision and Image Understanding},
	Number = {2},
	Pages = {182--194},
	Publisher = {Elsevier B. V., Box 882 New York NY 10159 United States},
	Title = {Text extraction from scene images by character appearance and structure modeling},
	Volume = {117},
	Year = {2013}}

@inproceedings{Coates2011deep,
	Author = {Coates, Adam and Carpenter, Blake and Case, Carl and Satheesh, Sanjeev and Suresh, Bipin and Wang, Tao and Wu, David J and Ng, Andrew Y},
	Booktitle = {Document Analysis and Recognition (ICDAR), 2011 International Conference on},
	Organization = {IEEE},
	Pages = {440--445},
	Title = {Text detection and character recognition in scene images with unsupervised feature learning},
	Year = {2011}}

@inproceedings{Wang2012deep,
	Author = {Wang, Tao and Wu, David J and Coates, Adam and Ng, Andrew Y},
	Booktitle = {Pattern Recognition (ICPR), 2012 21st International Conference on},
	Organization = {IEEE},
	Pages = {3304--3308},
	Title = {End-to-end text recognition with convolutional neural networks},
	Year = {2012}}

@article{Tuytelaars2008local,
	Author = {Tuytelaars, Tinne and Mikolajczyk, Krystian},
	Journal = {Foundations and Trends{\textregistered} in Computer Graphics and Vision},
	Number = {3},
	Pages = {177--280},
	Publisher = {Now Publishers Inc.},
	Title = {Local invariant feature detectors: a survey},
	Volume = {3},
	Year = {2008}}

@article{Ramalingam2013junction,
	Author = {Ramalingam, Srikumar and Pillai, Jaishanker K and Jain, Arpit and Taguchi, Yuichi},
	Title = {Manhattan Junction Catalogue for Spatial Reasoning of Indoor Scenes}}

@article{smith1997susan,
	Author = {Smith, Stephen M and Brady, J Michael},
	Journal = {International journal of computer vision},
	Number = {1},
	Pages = {45--78},
	Publisher = {Springer},
	Title = {SUSAN---A new approach to low level image processing},
	Volume = {23},
	Year = {1997}}

@incollection{rosten2006fast,
	Author = {Rosten, Edward and Drummond, Tom},
	Booktitle = eccv,
	Pages = {430--443},
	Title = {Machine learning for high-speed corner detection},
	Year = {2006}}

@article{ruzon2001edge,
	Author = {Ruzon, Mark A. and Tomasi, Carlo},
	Journal = {Pattern Analysis and Machine Intelligence, IEEE Transactions on},
	Number = {11},
	Pages = {1281--1295},
	Publisher = {IEEE},
	Title = {Edge, junction, and corner detection using color distributions},
	Volume = {23},
	Year = {2001}}

@article{rubner2000earth,
	Author = {Rubner, Yossi and Tomasi, Carlo and Guibas, Leonidas J},
	Journal = {International Journal of Computer Vision},
	Number = {2},
	Pages = {99--121},
	Publisher = {Springer},
	Title = {The earth mover's distance as a metric for image retrieval},
	Volume = {40},
	Year = {2000}}

@inproceedings{minetto2011text,
	Author = {Minetto, Rodrigo and Thome, Nicolas and Cord, Matthieu and Stolfi, Jorge and Precioso, Fr{\'e}d{\'e}ric and Guyomard, Jonathan and Leite, Neucimar J},
	Booktitle = {Computer Vision Workshops (ICCV Workshops), 2011 IEEE International Conference on},
	Organization = {IEEE},
	Pages = {227--234},
	Title = {Text detection and recognition in urban scenes},
	Year = {2011}}

@inproceedings{beymer1991finding,
	Author = {Beymer, David J},
	Booktitle = {Computer Vision and Pattern Recognition, 1991. Proceedings CVPR'91., IEEE Computer Society Conference on},
	Organization = {IEEE},
	Pages = {720--721},
	Title = {Finding junctions using the image gradient},
	Year = {1991}}

@article{Zhao2011corners,
	Author = {Zhao, Xu and Lin, Kai-Hsiang and Fu, Yun and Hu, Yuxiao and Liu, Yuncai and Huang, Thomas S},
	Journal = {Image Processing, IEEE Transactions on},
	Number = {3},
	Pages = {790--799},
	Publisher = {IEEE},
	Title = {Text from corners: a novel approach to detect text and caption in videos},
	Volume = {20},
	Year = {2011}}

@article{biederman1987recognition,
	Author = {Biederman, Irving},
	Journal = {Psychological review},
	Number = {2},
	Pages = {115},
	Publisher = {American Psychological Association},
	Title = {Recognition-by-components: a theory of human image understanding.},
	Volume = {94},
	Year = {1987}}

@article{Wolf2006IJDAR-eval,
	Author = {C. Wolf and J.-M. Jolion},
	Journal = {International Journal on Document Analysis and Recognition},
	Number = {4},
	Pages = {280-296},
	Title = {Object count/Area Graphs for the Evaluation of Object Detection and Segmentation Algorithms},
	Volume = {8},
	Year = {2006}}

@inproceedings{Gomez2013multi,
	Author = {Gomez, Lluis and Karatzas, Dimosthenis},
	Booktitle = {Document Analysis and Recognition (ICDAR), 2013 12th International Conference on},
	Organization = {IEEE},
	Pages = {467--471},
	Title = {Multi-script text extraction from natural scenes},
	Year = {2013}}

@article{PortillaSimoncelli,
	Acmid = {363108},
	Address = {Hingham, MA, USA},
	Author = {Portilla, Javier and Simoncelli, Eero P.},
	Doi = {10.1023/A:1026553619983},
	Issn = {0920-5691},
	Issue_Date = {Oct. 2000},
	Journal = {Int. J. Comput. Vision},
	Keywords = {Julesz conjecture, Markov random field, altering projections, non Gaussian statstics, texture modeling, texture synthesis},
	Month = oct,
	Number = {1},
	Numpages = {22},
	Pages = {49--70},
	Publisher = {Kluwer Academic Publishers},
	Title = {A Parametric Texture Model Based on Joint Statistics of Complex Wavelet Coefficients},
	Url = {http://dx.doi.org/10.1023/A:1026553619983},
	Volume = {40},
	Year = {2000},
	Bdsk-Url-1 = {http://dx.doi.org/10.1023/A:1026553619983}}

@article{Rosenholtz20042012,
	Author = {Rosenholtz, Ruth and Huang, Jie and Raj, Alvin and Balas, Benjamin J. and Ilie, Livia},
	Doi = {10.1167/12.4.14},
	Eprint = {http://www.journalofvision.org/content/12/4/14.full.pdf+html},
	Journal = {Journal of Vision},
	Number = {4},
	Title = {A summary statistic representation in peripheral vision explains visual search},
	Url = {http://www.journalofvision.org/content/12/4/14.abstract},
	Volume = {12},
	Year = {2012},
	Bdsk-Url-1 = {http://www.journalofvision.org/content/12/4/14.abstract},
	Bdsk-Url-2 = {http://dx.doi.org/10.1167/12.4.14}}

@article{RosenholtzFronteirs,
	Author = {Rosenholtz, Ruth and Huang, Jie and Ehinger, Krista A.},
	Doi = {10.3389/fpsyg.2012.00013},
	Issn = {1664-1078},
	Journal = {Frontiers in Psychology},
	Number = {13},
	Title = {Rethinking the role of top-down attention in vision: effects attributable to a lossy representation in peripheral vision},
	Url = {http://www.frontiersin.org/consciousness_research/10.3389/fpsyg.2012.00013/abstract},
	Volume = {3},
	Year = {2012},
	Bdsk-Url-1 = {http://www.frontiersin.org/consciousness_research/10.3389/fpsyg.2012.00013/abstract},
	Bdsk-Url-2 = {http://dx.doi.org/10.3389/fpsyg.2012.00013}}

@inproceedings{dalal2005histograms,
	Author = {Dalal, Navneet and Triggs, Bill},
	Booktitle = {Computer Vision and Pattern Recognition, 2005. CVPR 2005. IEEE Computer Society Conference on},
	Organization = {IEEE},
	Pages = {886--893},
	Title = {Histograms of oriented gradients for human detection},
	Volume = {1},
	Year = {2005}}

@inproceedings{lee2010scene,
	Author = {Lee, SeongHun and Cho, Min Su and Jung, Kyomin and Kim, Jin Hyung},
	Booktitle = {Pattern Recognition (ICPR), 2010 20th International Conference on},
	Organization = {IEEE},
	Pages = {3983--3986},
	Title = {Scene text extraction with edge constraint and text collinearity},
	Year = {2010}}

@misc{texturecode,
	Author = {Portilla, Javier and Simoncelli, Euro P.},
	Howpublished = {\url{http://www.cns.nyu.edu/lcv/texture/}},
	Note = {[Online; accessed 31-October-2013]},
	Title = {{Representation and Synthesis of Visual Texture}},
	Year = {2013}}

@inproceedings{shechtman2007matching,
	Author = {Shechtman, Eli and Irani, Michal},
	Booktitle = {Computer Vision and Pattern Recognition, 2007. CVPR'07. IEEE Conference on},
	Organization = {IEEE},
	Pages = {1--8},
	Title = {Matching local self-similarities across images and videos},
	Year = {2007}}

@inproceedings{csurka2004visual,
	Author = {Csurka, Gabriella and Dance, Christopher and Fan, Lixin and Willamowski, Jutta and Bray, C{\'e}dric},
	Booktitle = {Workshop on statistical learning in computer vision, ECCV},
	Number = {1-22},
	Pages = {1--2},
	Title = {Visual categorization with bags of keypoints},
	Volume = {1},
	Year = {2004}}

@article{niebles2008unsupervised,
	Author = {Niebles, Juan Carlos and Wang, Hongcheng and Fei-Fei, Li},
	Journal = {International journal of computer vision},
	Number = {3},
	Pages = {299--318},
	Publisher = {Springer},
	Title = {Unsupervised learning of human action categories using spatial-temporal words},
	Volume = {79},
	Year = {2008}}

@article{belongie2002shape,
	Author = {Belongie, Serge and Malik, Jitendra and Puzicha, Jan},
	Journal = {Pattern Analysis and Machine Intelligence, IEEE Transactions on},
	Number = {4},
	Pages = {509--522},
	Publisher = {IEEE},
	Title = {Shape matching and object recognition using shape contexts},
	Volume = {24},
	Year = {2002}}

@inproceedings{deCampos2009char74k,
	Author = {de Campos, T.~E. and Babu, B.~R. and Varma, M.},
	Booktitle = {Proceedings of the International Conference on Computer Vision Theory and Applications, Lisbon, Portugal},
	Month = {February},
	Title = {Character recognition in natural images},
	Year = {2009}}

@article{minor1981spokefilt,
	Author = {Minor, Lewis G and Sklansky, Jack},
	Journal = {Systems, Man and Cybernetics, IEEE Transactions on},
	Number = {3},
	Pages = {194--201},
	Publisher = {IEEE},
	Title = {The detection and segmentation of blobs in infrared images},
	Volume = {11},
	Year = {1981}}

@inproceedings{lim2013sketch,
	Author = {Lim, Joseph J and Zitnick, C Lawrence and Doll{\'a}r, Piotr},
	Booktitle = {Computer Vision and Pattern Recognition (CVPR), 2013 IEEE Conference on},
	Organization = {IEEE},
	Pages = {3158--3165},
	Title = {Sketch tokens: A learned mid-level representation for contour and object detection},
	Year = {2013}}

@inproceedings{walter2013learning,
	Author = {Walter, Matthew R and Hemachandra, Sachithra and Homberg, Bianca and Tellex, Stefanie and Teller, Seth},
	Booktitle = {Robotics: Science and Systems Conference},
	Title = {Learning Semantic Maps from Natural Language Descriptions},
	Year = {2013}}

@inproceedings{McManus2014RSS,
	Address = {Berkeley, USA},
	Author = {Colin McManus AND Ben Upcroft AND Paul Newmann},
	Booktitle = {Proceedings of Robotics: Science and Systems},
	Month = {July},
	Title = {Scene Signatures: Localised and Point-less Features for Localisation},
	Year = {2014}}

@inproceedings{Atanasov2014RSS,
	Address = {Berkeley, USA},
	Author = {Nikolay Atanasov AND Menglong Zhu AND Kostas Daniilidis AND George Pappas},
	Booktitle = {Proceedings of Robotics: Science and Systems},
	Month = {July},
	Title = {Semantic Localization Via the Matrix Permanent},
	Year = {2014}}

@inproceedings{Jaderberg2014ECCV,
	Author = {Max Jaderberg AND Andrea Vedaldi AND Andrew Zisserman},
	Booktitle = eccv,
	Title = {Deep Features for Text Spotting},
	Year = {2014}}

@inproceedings{yao2013strokelets,
	Author = {Yao, Cong and Bai, Xiang and Shi, Baoguang and Liu, Wenyu},
	Booktitle = cvpr,
	Title = {Strokelets: A learned multi-scale representation for scene text recognition},
	Year = {2014}}

@article{lee2014region,
	Author = {Lee, Chen-Yu and Bhardwaj, Anurag and Di, Wei and Jagadeesh, Vignesh and Piramuthu, Robinson},
	Booktitle = cvpr,
	Title = {Region-based Discriminative Feature Pooling for Scene Text Recognition},
	Year = {2014}}

@article{frintrop2008attentional,
	Author = {Frintrop, Simone and Jensfelt, Patric},
	Journal = {Robotics, IEEE Transactions on},
	Number = {5},
	Pages = {1054--1065},
	Publisher = {IEEE},
	Title = {Attentional landmarks and active gaze control for visual {SLAM}},
	Volume = {24},
	Year = {2008}}

@article{angeli2008fast,
	Author = {Angeli, Adrien and Filliat, David and Doncieux, St{\'e}phane and Meyer, J-A},
	Journal = {Robotics, IEEE Transactions on},
	Number = {5},
	Pages = {1027--1037},
	Publisher = {IEEE},
	Title = {Fast and incremental method for loop-closure detection using bags of visual words},
	Volume = {24},
	Year = {2008}}

@article{gee2008discovering,
	Author = {Gee, Andrew P and Chekhlov, Denis and Calway, Andrew and Mayol-Cuevas, Walterio},
	Journal = {Robotics, IEEE Transactions on},
	Number = {5},
	Pages = {980--990},
	Publisher = {IEEE},
	Title = {Discovering higher level structure in visual {SLAM}},
	Volume = {24},
	Year = {2008}}

@inproceedings{olson2011apriltag,
  title={AprilTag: A robust and flexible visual fiducial system},
  author={Olson, Edwin},
  booktitle={Robotics and Automation (ICRA), 2011 IEEE International Conference on},
  pages={3400--3407},
  year={2011},
  organization={IEEE}
}

@article{fallon2013stata,
	Author = {Fallon, Maurice and Johannsson, Hordur and Kaess, Michael and Leonard, John J},
	Journal = {The International Journal of Robotics Research},
	Number = {14},
	Pages = {1695--1699},
	Publisher = {SAGE Publications},
	Title = {The MIT Stata Center dataset},
	Volume = {32},
	Year = {2013}}

@inproceedings{salas2013slam++,
	Author = {Salas-Moreno, Renato F and Newcombe, Richard A and Strasdat, Hauke and Kelly, Paul HJ and Davison, Andrew J},
	Booktitle = {Computer Vision and Pattern Recognition (CVPR), 2013 IEEE Conference on},
	Organization = {IEEE},
	Pages = {1352--1359},
	Title = {{SLAM}++: Simultaneous localisation and mapping at the level of objects},
	Year = {2013}}

@inproceedings{case2011autonomous,
	Author = {Case, Carl and Suresh, Bipin and Coates, Adam and Ng, Andrew Y},
	Booktitle = {Robotics and Automation (ICRA), 2011 IEEE International Conference on},
	Organization = {IEEE},
	Pages = {3297--3303},
	Title = {Autonomous sign reading for semantic mapping},
	Year = {2011}}

@article{samarabandu2006edge,
	Author = {Samarabandu, Jagath and Liu, Xiaoqing},
	Journal = {International Journal of Signal Processing},
	Number = {4},
	Pages = {273--280},
	Title = {An edge-based text region extraction algorithm for indoor mobile robot navigation},
	Volume = {3},
	Year = {2006}}

@inproceedings{mata2001visual,
	Author = {Mata, Mario and Armingol, Jose M and de la Escalera, Arturo and Salichs, Miguel Angel},
	Booktitle = {Robotics and Automation, 2001. Proceedings 2001 ICRA. IEEE International Conference on},
	Organization = {IEEE},
	Pages = {1124--1129},
	Title = {A visual landmark recognition system for topological navigation of mobile robots},
	Volume = {2},
	Year = {2001}}

@inproceedings{rogers2011simultaneous,
	Author = {Rogers, John G and Trevor, Alexander JB and Nieto-Granda, Carlos and Christensen, Henrik Iskov},
	Booktitle = {Intelligent Robots and Systems (IROS), 2011 IEEE/RSJ International Conference on},
	Organization = {IEEE},
	Pages = {1264--1270},
	Title = {Simultaneous localization and mapping with learned object recognition and semantic data association},
	Year = {2011}}

@article{ojala2002multiresolution,
	Author = {Ojala, Timo and Pietikainen, Matti and Maenpaa, Topi},
	Journal = {Pattern Analysis and Machine Intelligence, IEEE Transactions on},
	Number = {7},
	Pages = {971--987},
	Publisher = {IEEE},
	Title = {Multiresolution gray-scale and rotation invariant texture classification with local binary patterns},
	Volume = {24},
	Year = {2002}}

@inproceedings{bissacco2013photoocr,
	Author = {Bissacco, Alessandro and Cummins, Mark and Netzer, Yuval and Neven, Hartmut},
	Booktitle = {Computer Vision (ICCV), 2013 IEEE International Conference on},
	Organization = {IEEE},
	Pages = {785--792},
	Title = {Photo{OCR}: Reading text in uncontrolled conditions},
	Year = {2013}}

@inproceedings{zeiler2011adaptive,
	Author = {Zeiler, Matthew D and Taylor, Graham W and Fergus, Rob},
	Booktitle = {Computer Vision (ICCV), 2011 IEEE International Conference on},
	Organization = {IEEE},
	Pages = {2018--2025},
	Title = {Adaptive deconvolutional networks for mid and high level feature learning},
	Year = {2011}}

@inproceedings{McDonald11ecmr,
	Address = {Orebro, Sweden},
	Author = {J. McDonald and M. Kaess and C. Cadena and J. Neira and J.J. Leonard},
	Booktitle = {European Conference on Mobile Robots (ECMR)},
	Fullauthor = {John McDonald and Michael Kaess and Cesar Cadena and Jos\'{e} Neira and John J. Leonard},
	Month = sep,
	Pages = {69-76},
	Title = {6-{DOF} Multi-session Visual {SLAM} using Anchor Nodes},
	Year = 2011}

@inproceedings{Kaess11icra,
	Address = {Shanghai, China},
	Author = {M. Kaess and H. Johannsson and R. Roberts and V. Ila and J.J. Leonard and F. Dellaert},
	Booktitle = {IEEE Intl. Conf. on Robotics and Automation (ICRA)},
	Fullauthor = {Michael Kaess and Hordur Johannsson and Richard Roberts and Viorela Ila and John J. Leonard and Frank Dellaert},
	Month = may,
	Pages = {3281-3288},
	Title = {{iSAM2}: Incremental Smoothing and Mapping with Fluid Relinearization and Incremental Variable Reordering},
	Year = 2011}
    
@inproceedings{mishra2011mrf,
  title={An MRF model for binarization of natural scene text},
  author={Mishra, Anand and Alahari, Karteek and Jawahar, CV},
  booktitle={Document Analysis and Recognition (ICDAR), 2011 International Conference on},
  pages={11--16},
  year={2011},
  organization={IEEE}
}

@article{Whyte_RAM_2006,
  title={Simultaneous localization and mapping: part {I}},
  author={Durrant-Whyte, Hugh and Bailey, Tim},
  journal={Robotics \& Automation Magazine, IEEE},
  volume={13},
  number={2},
  pages={99--110},
  year={2006},
  publisher={IEEE}
}

@inproceedings{burgard2009,
  title={A comparison of {SLAM} algorithms based on a graph of relations},
  author={Burgard, Wolfram and Stachniss, Cyrill and Grisetti, Giorgio and Steder, Bastian and Kummerle, Rainer and Dornhege, Christian and Ruhnke, Michael and Kleiner, Alexander and Tard{\'o}s, Juan D},
  booktitle={Intelligent Robots and Systems, 2009. IROS 2009. IEEE/RSJ International Conference on},
  pages={2089--2095},
  year={2009},
  organization={IEEE}
}

@InProceedings{Jaderberg14c,
  author       = "Jaderberg, M. and Simonyan, K. and Vedaldi, A. and Zisserman, A.",
  title        = "Synthetic Data and Artificial Neural Networks for Natural Scene Text Recognition",
  booktitle    = "Workshop on Deep Learning, NIPS",
  year         = "2014",
}

@article{uijlings2013selective,
  title={Selective search for object recognition},
  author={Uijlings, Jasper RR and van de Sande, Koen EA and Gevers, Theo and Smeulders, Arnold WM},
  journal={International journal of computer vision},
  volume={104},
  number={2},
  pages={154--171},
  year={2013},
  publisher={Springer}
}

@inproceedings{rusu20113d,
  title={3{D} is here: Point cloud library ({PCL})},
  author={Rusu, Radu Bogdan and Cousins, Steve},
  booktitle={Robotics and Automation (ICRA), 2011 IEEE International Conference on},
  pages={1--4},
  year={2011},
  organization={IEEE}
}

@INPROCEEDINGS{radwan16icra,
  author      = {Noha Radwan and Gian Diego Tipaldi and Luciano Spinello and Wolfram Burgard},
  title       = {Do you see the Bakery? Leveraging Geo-Referenced Texts for Global Localization in Public Maps},
  booktitle   = {Proc. of the IEEE Int. Conf. on Robotics and Automation (ICRA)},
  address     = {Stockholm, Sweden},
  year        = {2016}
}

@inproceedings{pillai15,
   Title = {Monocular {SLAM} Supported Object Recognition},
   Author = {Pillai, Sudeep AND Leonard, John},
   Booktitle = {Proceedings of Robotics: Science and Systems (RSS)},
   Address = {Rome, Italy},
   Month = {July},
   Year = {2015}
}

@ONLINE{who2014,
    Title = {World {H}ealth {O}rganization},
    Url = {http://www.who.int/mediacentre/factsheets/fs282/en/},
    Urldate = {2014-8-1},
}

@ONLINE{igdf,
    Title = {International {G}uide {D}og Federation ({IGDF})},
    Url = {https://www.igdf.org.uk/},
    Urldate = {2017-8-1},
}



@article{Golledge1997,
author={Golledge, R. and  Marston, J.  and Costanzo,C.},
title= {Attitudes of Visually Impaired Persons towards the Use of Public Transportation},
journal={J. Vis. Impairment Blindness}, 
volume={90}, 
pages={ 446-459}, 
year={1997}}

@article{kanwal2015navigation,
  title={A Navigation System for the Visually Impaired: A Fusion of Vision and Depth Sensor},
  author={Kanwal, Nadia and Bostanci, Erkan and Currie, Keith and Clark, Adrian F},
  journal={Applied Bionics and Biomechanics},
  volume={2015},
  year={2015},
  publisher={Hindawi Publishing Corporation}
}

@incollection{velazquez2010wearable,
author = {Vel\'{a}zquez, Ramiro},
booktitle = {Wearable and autonomous biomedical devices and systems for smart environment},
doi = {10.1007/978-3-642-15687-8-17},
isbn = {9783642156861},
issn = {18761100},
keywords = {assistive technology,mobility aids,reading,reading/mobility aids,wearable devices and systems},
pages = {331--349},
publisher = {Springer},
title = {{Wearable assistive devices for the blind}},
volume = {75 LNEE},
year = {2010}
}

@book{manduchi2012mobile,
  title={Mobile vision as assistive technology for the blind: An experimental study},
  author={Manduchi, Roberto},
  year={2012},
  publisher={Springer},
  volume={7383},
  booktitle={Computers Helping People with Special Needs}, 
  pages={9-16}
}

@article{whyte2006,
  title={Simultaneous localization and mapping: part {I}},
  author={Durrant-Whyte, Hugh and Bailey, Tim},
  journal={Robotics \& Automation Magazine, IEEE},
  volume={13},
  number={2},
  pages={99--110},
  year={2006},
  publisher={IEEE}
}

@inproceedings{GrimmettICRA2015,
Address = {Seattle, WA, USA},
Author = {Grimmett, Hugo and Buerki, Mathias and Paz, Lina and Pini{\'e}s, Pedro and Furgale, Paul and Posner, Ingmar and Newman, Paul},
Booktitle = {{P}roceedings of the {IEEE} {I}nternational {C}onference on {R}obotics and {A}utomation ({ICRA})},
Month = {May},
Pdf = {http://www.robots.ox.ac.uk/~mobile/Papers/2015ICRA_Grimmett.pdf},
Title = {{I}ntegrating {M}etric and {S}emantic {M}aps for {V}ision-{O}nly {A}utomated {P}arking},
Year = {2015}}

@article{lecun2015deep,
  title={Deep learning},
  author={LeCun, Yann and Bengio, Yoshua and Hinton, Geoffrey},
  journal={Nature},
  volume={521},
  number={7553},
  pages={436--444},
  year={2015},
  publisher={Nature Publishing Group}
}

@ONLINE{ros,
    Title = {Robot {O}peration {S}ystem},
    Url = {http://www.ros.org/},
    Urldate = {2014-8-1},
}

@ONLINE{duckietown_mit,
    Title = {Duckietown {MIT}},
    Url = {http://duckietown.mit.edu/},
    Urldate = {2016-8-1},
}

@ONLINE{duckietown_nctu,
    Title = {Duckietown {NCTU}},
    Url = {http://duckietown.nctu.edu.tw/},
    Urldate = {2016-8-1},
}

@ONLINE{tango,
    Title = {Project {T}ango},
    Url = {https://get.google.com/tango/},
    Urldate = {2016-8-1},
}

@incollection{alexnet_nips2012,
title = {{ImageNet} Classification with Deep Convolutional Neural Networks},
author = {Alex Krizhevsky and Sutskever, Ilya and Hinton, Geoffrey E},
booktitle = {Advances in Neural Information Processing Systems 25},
editor = {F. Pereira and C. J. C. Burges and L. Bottou and K. Q. Weinberger},
pages = {1097--1105},
year = {2012},
publisher = {Curran Associates, Inc.},
url = {http://papers.nips.cc/paper/4824-imagenet-classification-with-deep-convolutional-neural-networks.pdf}
}

@article{jund16groceries,
  author = {Philipp Jund and Nichola Abdo and Andreas Eitel and Wolfram Burgard},
  title = {The Freiburg Groceries Dataset},
  booktitle = {CoRR},
  volume = {abs/1611.05799},
  year = 2016,
  url = {https://arxiv.org/abs/1611.05799}
}
   
@ONLINE{text-renderer,
    Title = {Text Renderer},
    Url = {https://bitbucket.org/jaderberg/text-renderer},
    Urldate = {2017-01-23},
}

@inproceedings{yosinski2014transferable,
  title={How transferable are features in deep neural networks?},
  author={Yosinski, Jason and Clune, Jeff and Bengio, Yoshua and Lipson, Hod},
  booktitle={Advances in neural information processing systems},
  pages={3320--3328},
  year={2014}
}

@ONLINE{duckietown-mit,
    Title = {Duckietown},
    Url = {https://duckietown.mit.edu/},
    Urldate = {2017-01-23},
}

@ONLINE{duckietown-nctu,
    Title = {Duckietown {NCTU}},
    Url = {https://duckietown.nctu.edu.tw/},
    Urldate = {2017-01-23},
}

@inproceedings{duckietown-icra,
  title={Duckietown: an {O}pen, {I}nexpensive and {F}lexible {P}latform for {A}utonomy {E}ducation and {R}esearch},
  author={Liam Paull and Jacopo Tani and Heejin Ahn and Javier Alonso-Mora and Luca Carlone and Michal Cap and Yu Fan Chen and
			Changhyun Choi and Jeff Dusek and Yajun Fang and Daniel Hoehener and Shih-Yuan Liu and Michael Novitzky and Igor Franzoni Okuyama and Jason Pazis and
			Guy Rosman and Valerio Varricchio and Hsueh-Cheng Wang and Dmitry Yershov and Hang Zhao and Michael Benjamin and Christopher Carr and Maria Zuber and 
			Sertac Karaman and Emilio Frazzoli and Domitilla Del Vecchio and Daniela Rus and Jonathan How and John Leonard and Andrea Censi},
  booktitle={Robotics and Automation (ICRA), 2017 IEEE International Conference on},
  year={2017},
  organization={IEEE}
}

@Article{Simonyan14c,
    author       = "Simonyan, K. and Zisserman, A.",
    title        = "Very Deep Convolutional Networks for Large-Scale Image Recognition",
    journal      = "CoRR",
    volume       = "abs/1409.1556",
    year         = "2014"
}

@inproceedings{guo2016dynamic,
  title={Dynamic Network Surgery for Efficient DNNs},
  author={Guo, Yiwen and Yao, Anbang and Chen, Yurong},
  booktitle={Advances In Neural Information Processing Systems},
  pages={1379--1387},
  year={2016}
}

% guidedog
@inproceedings{chen2015deepdriving,
  title={Deepdriving: Learning affordance for direct perception in autonomous driving},
  author={Chen, Chenyi and Seff, Ari and Kornhauser, Alain and Xiao, Jianxiong},
  booktitle={Proceedings of the IEEE International Conference on Computer Vision},
  pages={2722--2730},
  year={2015}
}

@article{giusti2016machine,
  title={A machine learning approach to visual perception of forest trails for mobile robots},
  author={Giusti, Alessandro and Guzzi, J{\'e}r{\^o}me and Cire{\c{s}}an, Dan C and He, Fang-Lin and Rodr{\'\i}guez, Juan P and Fontana, Flavio and Faessler, Matthias and Forster, Christian and Schmidhuber, J{\"u}rgen and Di Caro, Gianni and others},
  journal={IEEE Robotics and Automation Letters},
  volume={1},
  number={2},
  pages={661--667},
  year={2016},
  publisher={IEEE}
}

@article{wangenabling,
  title={Enabling Independent Navigation for Visually Impaired People through a Wearable Vision-Based Feedback System},
  author={Wang, Hsueh-Cheng and Katzschmann, Robert K and Teng, Santani and Araki, Brandon and Giarr{\'e}, Laura and Rus, Daniela}
}

@inproceedings{rasmussen2009appearance,
  title={Appearance contrast for fast, robust trail-following},
  author={Rasmussen, Christopher and Lu, Yan and Kocamaz, Mehmet},
  booktitle={Intelligent Robots and Systems, 2009. IROS 2009. IEEE/RSJ International Conference on},
  pages={3505--3512},
  year={2009},
  organization={IEEE}
}

@inproceedings{siagian2013mobile,
  title={Mobile robot navigation system in outdoor pedestrian environment using vision-based road recognition},
  author={Siagian, Christian and Chang, Chin-Kai and Itti, Laurent},
  booktitle={Robotics and Automation (ICRA), 2013 IEEE International Conference on},
  pages={564--571},
  year={2013},
  organization={IEEE}
}

@article{li2017deep,
  title={Deep neural network for structural prediction and lane detection in traffic scene},
  author={Li, Jun and Mei, Xue and Prokhorov, Danil and Tao, Dacheng},
  journal={IEEE transactions on neural networks and learning systems},
  volume={28},
  number={3},
  pages={690--703},
  year={2017},
  publisher={IEEE}
}

@inproceedings{rasmussen2014trail,
  title={A trail-following robot which uses appearance and structural cues},
  author={Rasmussen, Christopher and Lu, Yan and Kocamaz, Mehmet},
  booktitle={Field and Service Robotics},
  pages={265--279},
  year={2014},
  organization={Springer}
}

@inproceedings{jakob2017concept,
  title={Concept for transfer of driver assistance algorithms for blind and visually impaired people},
  author={Jakob, Judith and Tick, J{\'o}zsef},
  booktitle={Applied Machine Intelligence and Informatics (SAMI), 2017 IEEE 15th International Symposium on},
  pages={000241--000246},
  year={2017},
  organization={IEEE}
}

@article{dakopoulos2010wearable,
  title={Wearable obstacle avoidance electronic travel aids for blind: a survey},
  author={Dakopoulos, Dimitrios and Bourbakis, Nikolaos G},
  journal={IEEE Transactions on Systems, Man, and Cybernetics, Part C (Applications and Reviews)},
  volume={40},
  number={1},
  pages={25--35},
  year={2010},
  publisher={IEEE}
}

@article{gharpure2008robot,
  title={Robot-assisted shopping for the blind: issues in spatial cognition and product selection},
  author={Gharpure, Chaitanya P and Kulyukin, Vladimir A},
  journal={Intelligent Service Robotics},
  volume={1},
  number={3},
  pages={237--251},
  year={2008},
  publisher={Springer}
}

@incollection{van2016rehabilitation,
  title={Rehabilitation and health care robotics},
  author={Van der Loos, HF Machiel and Reinkensmeyer, David J and Guglielmelli, Eugenio},
  booktitle={Springer Handbook of Robotics},
  pages={1685--1728},
  year={2016},
  publisher={Springer}
}
@article{ulrich2001guidecane,
  title={The GuideCane-applying mobile robot technologies to assist the visually impaired},
  author={Ulrich, Iwan and Borenstein, Johann},
  journal={IEEE Transactions on Systems, Man, and Cybernetics-Part A: Systems and Humans},
  volume={31},
  number={2},
  pages={131--136},
  year={2001},
  publisher={IEEE}
}
@article{kulyukin2006robot,
  title={Robot-assisted wayfinding for the visually impaired in structured indoor environments},
  author={Kulyukin, Vladimir and Gharpure, Chaitanya and Nicholson, John and Osborne, Grayson},
  journal={Autonomous Robots},
  volume={21},
  number={1},
  pages={29--41},
  year={2006},
  publisher={Springer}
}

@inproceedings{wang2017enabling,
  title={Enabling independent navigation for visually impaired people through a wearable vision-based feedback system},
  author={Wang, Hsueh-Cheng and Katzschmann, Robert K and Teng, Santani and Araki, Brandon and Giarr{\'e}, Laura and Rus, Daniela},
  booktitle={Robotics and Automation (ICRA), 2017 IEEE International Conference on},
  pages={6533--6540},
  year={2017},
  organization={IEEE}
}

@article{hillel2014recent,
  title={Recent progress in road and lane detection: a survey},
  author={Hillel, Aharon Bar and Lerner, Ronen and Levi, Dan and Raz, Guy},
  journal={Machine vision and applications},
  volume={25},
  number={3},
  pages={727--745},
  year={2014},
  publisher={Springer}
}

@inproceedings{johnson2017driving,
  title={Driving in the {M}atrix: Can virtual worlds replace human-generated annotations for real world tasks?},
  author={Johnson-Roberson, Matthew and Barto, Charles and Mehta, Rounak and Sridhar, Sharath Nittur and Rosaen, Karl and Vasudevan, Ram},
  booktitle={Robotics and Automation (ICRA), 2017 IEEE International Conference on},
  pages={746--753},
  year={2017},
  organization={IEEE}
}

@INPROCEEDINGS{Zhuang2005real, 
author={Hui-Zhong Zhuang and Shu-Xin Du and Tie-Jun Wu}, 
booktitle={2005 International Conference on Machine Learning and Cybernetics}, 
title={Real-Time Path Planning for Mobile Robots}, 
year={2005}, 
volume={1}, 
number={}, 
pages={526-531}, 
keywords={Mobile robot;desirable direction angle;real-time path planning;Collision avoidance;Mobile robots;Motion planning;Navigation;Path planning;Robot kinematics;Robot motion;Robot sensing systems;Robotics and automation;Sensor systems;Mobile robot;desirable direction angle;real-time path planning}, 
doi={10.1109/ICMLC.2005.1527001}, 
ISSN={2160-133X}, 
month={Aug},}

@INPROCEEDINGS{ABry2011RRT,
author={A. Bry and N. Roy},
booktitle={2011 IEEE International Conference on Robotics and Automation},
title={Rapidly-exploring Random Belief Trees for motion planning under uncertainty},
year={2011},
volume={},
number={},
pages={723-730},
keywords={collision avoidance;mobile robots;path planning;probability;random processes;search problems;trees (mathematics);motion planning;state uncertainty;nontrivial dynamics;spatially varying measurement properties;obstacle constraints;linear estimator;linear controller;nominal trajectory;bounded collision probability;state space;search tree;optimal path;information gathering;rapidly exploring random belief trees;Heuristic algorithms;Trajectory;Uncertainty;Equations;Planning;Vehicle dynamics;Kalman filters},
doi={10.1109/ICRA.2011.5980508},
ISSN={1050-4729},
month={May},}

@INPROCEEDINGS{JJKuffner2000RRTConnect,
author={J. J. Kuffner and S. M. LaValle},
booktitle={Proceedings 2000 ICRA. Millennium Conference. IEEE International Conference on Robotics and Automation. Symposia Proceedings (Cat. No.00CH37065)},
title={RRT-connect: An efficient approach to single-query path planning},
year={2000},
volume={2},
number={},
pages={995-1001 vol.2},
keywords={path planning;search problems;computational geometry;robots;RRT-connect;single-query path planning;randomized algorithm;high-dimensional configuration spaces;rapidly-exploring random trees;simple greedy heuristic;human arm;7-DOF kinematic chain;automatic graphic animation;collision-free grasping;collision-free manipulation;collision-free motions;rigid objects;6-DOF PUMA arm;3D workspace;Path planning;Computer science;Space exploration;Algorithm design and analysis;Humans;Animation;Robotic assembly;Buildings;Tree graphs;Kinematics},
doi={10.1109/ROBOT.2000.844730},
ISSN={1050-4729},
month={April},}

@article{matas2004robust,
  title={Robust wide-baseline stereo from maximally stable extremal regions},
  author={Matas, Jiri and Chum, Ondrej and Urban, Martin and Pajdla, Tom{\'a}s},
  journal={Image and vision computing},
  volume={22},
  number={10},
  pages={761--767},
  year={2004},
  publisher={Elsevier}
}
%%%%%%%%%%%%%%%%%%%%%%%%%%%%%%%%%%%%%%%%%%%%%%%%%%%%%%%%

@article{whelan2012kintinuous,
  title={Kintinuous: Spatially extended kinectfusion},
  author={Whelan, Thomas and Kaess, Michael and Fallon, Maurice and Johannsson, Hordur and Leonard, John and McDonald, John},
  year={2012}
}

@article{stentz2015chimp,
  title={{CHIMP}, the {CMU} highly intelligent mobile platform},
  author={Stentz, Anthony and Herman, Herman and Kelly, Alonzo and Meyhofer, Eric and Haynes, G Clark and Stager, David and Zajac, Brian and Bagnell, J Andrew and Brindza, Jordan and Dellin, Christopher and others},
  journal={Journal of Field Robotics},
  volume={32},
  number={2},
  pages={209--228},
  year={2015},
  publisher={Wiley Online Library}
}

@article{bogdan2009leaving,
  title={Leaving Flatland: Efficient real-time three-dimensional perception and motion planning},
  author={Bogdan Rusu, Radu and Sundaresan, Aravind and Morisset, Benoit and Hauser, Kris and Agrawal, Motilal and Latombe, Jean-Claude and Beetz, Michael},
  journal={Journal of Field Robotics},
  volume={26},
  number={10},
  pages={841--862},
  year={2009},
  publisher={Wiley Online Library}
}

@inproceedings{gerkey2008planning,
  title={Planning and control in unstructured terrain},
  author={Gerkey, Brian P and Konolige, Kurt},
  booktitle={ICRA Workshop on Path Planning on Costmaps},
  year={2008}
}

@article{droeschel2017continuous,
  title={Continuous mapping and localization for autonomous navigation in rough terrain using a 3D laser scanner},
  author={Droeschel, David and Schwarz, Max and Behnke, Sven},
  journal={Robotics and Autonomous Systems},
  volume={88},
  pages={104--115},
  year={2017},
  publisher={Elsevier}
}

@article{cadena2016past,
  title={Past, present, and future of simultaneous localization and mapping: Toward the robust-perception age},
  author={Cadena, Cesar and Carlone, Luca and Carrillo, Henry and Latif, Yasir and Scaramuzza, Davide and Neira, Jos{\'e} and Reid, Ian and Leonard, John J},
  journal={IEEE Transactions on Robotics},
  volume={32},
  number={6},
  pages={1309--1332},
  year={2016},
  publisher={IEEE}
}

@inproceedings{gutmann2002markov,
  title={Markov-Kalman localization for mobile robots},
  author={Gutmann, J-S},
  booktitle={Pattern Recognition, 2002. Proceedings. 16th International Conference on},
  volume={2},
  pages={601--604},
  year={2002},
  organization={IEEE}
}

@article{thrun2001robust,
  title={Robust Monte Carlo localization for mobile robots},
  author={Thrun, Sebastian and Fox, Dieter and Burgard, Wolfram and Dellaert, Frank},
  journal={Artificial intelligence},
  volume={128},
  number={1-2},
  pages={99--141},
  year={2001},
  publisher={Elsevier}
}

@article{towlerros,
  title={ROS-Military: Progress and Promise},
  author={Towler, Jerry and Bries, Matthew}
}



@inproceedings{ozguner2008simulation,
  title={Simulation and testing environments for the DARPA Urban Challenge},
  author={Ozguner, Umit and Redmill, Keith and Biddlestone, Scott and Hsieh, Ming Feng and Yazici, Ahmet and Toth, Charles},
  booktitle={Vehicular Electronics and Safety, 2008. ICVES 2008. IEEE International Conference on},
  pages={222--226},
  year={2008},
  organization={IEEE}
}

@inproceedings{laue2005simrobot,
  title={SimRobot--a general physical robot simulator and its application in robocup},
  author={Laue, Tim and Spiess, Kai and R{\"o}fer, Thomas},
  booktitle={Robot Soccer World Cup},
  pages={173--183},
  year={2005},
  organization={Springer}
}

@ONLINE{zed-spatial-mapping,
    Title = {Spatial Mapping},
    Url = {https://docs.stereolabs.com/overview/spatial-mapping/introduction/ },
    Urldate = {2018},
}

@ONLINE{vmrc,
    Title = {Virtual Maritime RobotX Challenge (VMRC)},
    Url = {https://bitbucket.org/osrf/vmrc},
    Urldate = {2018},
}


